<?xml version="1.0" encoding="UTF-8"?><record xmlns="http://www.loc.gov/MARC21/slim" xmlns:cinclude="http://apache.org/cocoon/include/1.0" xmlns:zs="http://www.loc.gov/zing/srw/">
  <leader>01197cz  a2200217n  4500</leader>
  <controlfield tag="001">n 2012018489</controlfield>
  <controlfield tag="003">DLC</controlfield>
  <controlfield tag="005">20121013075101.0</controlfield>
  <controlfield tag="008">120319n| acannaabn          |a ana      </controlfield>
  <datafield tag="010" ind1=" " ind2=" ">
    <subfield code="a">n 2012018489</subfield>
  </datafield>
  <datafield tag="040" ind1=" " ind2=" ">
    <subfield code="a">DLC</subfield>
    <subfield code="b">eng</subfield>
    <subfield code="c">DLC</subfield>
    <subfield code="d">DLC</subfield>
  </datafield>
  <datafield tag="110" ind1="2" ind2=" ">
    <subfield code="a">New York Motion Picture Co.</subfield>
  </datafield>
  <datafield tag="410" ind1="2" ind2=" ">
    <subfield code="a">New York Motion Picture Company</subfield>
  </datafield>
  <datafield tag="410" ind1="2" ind2=" ">
    <subfield code="a">NYMP Co.</subfield>
  </datafield>
  <datafield tag="410" ind1="2" ind2=" ">
    <subfield code="a">N.Y.M.P. Co.</subfield>
  </datafield>
  <datafield tag="410" ind1="2" ind2=" ">
    <subfield code="a">NYMPC (Firm)</subfield>
  </datafield>
  <datafield tag="510" ind1="2" ind2=" ">
    <subfield code="w">b</subfield>
    <subfield code="a">New York Motion Picture Corp.</subfield>
  </datafield>
  <datafield tag="510" ind1="2" ind2=" ">
    <subfield code="a">Bison (Firm)</subfield>
  </datafield>
  <datafield tag="670" ind1=" " ind2=" ">
    <subfield code="a">La Storia di Lulu', 1909</subfield>
    <subfield code="b">(distributed in the U.S. by the New York Motion Picture Co.)</subfield>
  </datafield>
  <datafield tag="670" ind1=" " ind2=" ">
    <subfield code="a">Abel, R. Encyl. of early cinema, c2005:</subfield>
    <subfield code="b">p. 678-679 (New York Motion Picture Company; NYMP; organized by Adam Kessel, Charles O. Baumann, and Fred J. Balshofer; released its first film on May 21, 1909; was the American distributor for Ambrosio and Itala films. Also owned several studios, including the Reliance Moving Picture Company and the Keystone Film Company, as well as Bison, Broncho, Kay-Bee, and Domino)</subfield>
  </datafield>
  <datafield tag="670" ind1=" " ind2=" ">
    <subfield code="a">Slide A. American film industry, c1986:</subfield>
    <subfield code="b">p. 244-245 (New York Motion Picture Company; NYMPC; in the spring of 1913, a reorganization created the New York Motion Picture Corporation)</subfield>
  </datafield>
</record>